
@electronic{oetiker11,
	Author = {Tobias \OE{}tiker and Hubert Partl and Irene Hyna and Elisabeth Schlegl},
	Date-Added = {2019-09-20 16:09:13 +0000},
	Date-Modified = {2019-09-20 16:18:05 +0000},
	Title = {Une courte~(?) introduction {\`a} {\LaTeXe}, {\em Disponible en ligne {\`a} \href{ftp://ctan.tug.org/tex-archive/info/lshort/french/lshort-fr.pdf}{cette URL}}},
	Urldate = {2016}}

@electronic{oetiker18,
	Author = {Tobias \OE{}tiker and Hubert Partl and Irene Hyna and Elisabeth Schlegl},
	Date-Added = {2019-09-20 16:06:19 +0000},
	Date-Modified = {2019-09-20 16:19:53 +0000},
	Title = {The Not So Short Introduction to {\LaTeXe}, {\em Available online at \href{https://tobi.oetiker.ch/lshort/lshort.pdf}{this URL}}},
	Urldate = {2019-05-14}}

@electronic{oetiker98,
	Author = {Tobias \OE{}tiker and Hubert Partl and Irene Hyna and Elisabeth Schlegl},
	Date-Added = {2014-11-19 16:06:19 +0000},
	Date-Modified = {2014-10-21 16:19:53 +0000},
	Title = {Land Cover Classification of Landsat Data with Phenological
Features Extracted from Time Series MODIS NDVI Data, {\em Available online at \href{https://www.researchgate.net/publication/286030934_Land_Cover_Classification_of_Landsat_Data_with_Phenological_Features_Extracted_from_Time_Series_MODIS_NDVI_Data}{this URL}}},
	Urldate = {2020}}
